<?xml version='1.0' encoding='UTF-8'?>
<record xmlns="http://www.loc.gov/MARC21/slim">
  <leader>01616cam a2200373   4500</leader>
  <controlfield tag="001">2768712</controlfield>
  <controlfield tag="003">NjP</controlfield>
  <controlfield tag="005">20171013173503.0</controlfield>
  <controlfield tag="008">940819s1970    iq bj    b    000 0 arar </controlfield>
  <datafield tag="024" ind1="7" ind2=" ">
    <subfield code="a">princeton_aco002160</subfield>
    <subfield code="2">local</subfield>
  </datafield>
  <datafield ind1=" " ind2=" " tag="010">
    <subfield code="a">   71288144 </subfield>
  </datafield>
  <datafield ind1=" " ind2=" " tag="035">
    <subfield code="a">(OCoLC)ocn178405442</subfield>
  </datafield>
  <datafield ind1=" " ind2=" " tag="035">
    <subfield code="a">(OCoLC)ocm30984369</subfield>
  </datafield>
  <datafield ind1=" " ind2=" " tag="040">
    <subfield code="a">DLC</subfield>
    <subfield code="c">PUL</subfield>
    <subfield code="d">PUL</subfield>
  </datafield>
  <datafield ind1=" " ind2=" " tag="035">
    <subfield code="a">(OCoLC)178405442</subfield>
  </datafield>
  <datafield ind1=" " ind2=" " tag="035">
    <subfield code="9">CNG5085TS</subfield>
  </datafield>
  <datafield ind1=" " ind2=" " tag="035">
    <subfield code="a">(NjP)2768712</subfield>
  </datafield>
  <datafield ind1="0" ind2=" " tag="050">
    <subfield code="a">DS76.4</subfield>
    <subfield code="b">.N3</subfield>
  </datafield>
  <datafield ind1=" " ind2=" " tag="079">
    <subfield code="a">ocm30984369</subfield>
  </datafield>
  <datafield ind1=" " ind2=" " tag="049">
    <subfield code="a">PULL</subfield>
  </datafield>
  <datafield ind1="1" ind2=" " tag="100">
    <subfield code="6">880-01</subfield>
    <subfield code="a">Nājī, ʻAbd al-Jabbār.</subfield>
  </datafield>
  <datafield ind1="1" ind2="3" tag="245">
    <subfield code="6">880-02</subfield>
    <subfield code="a">al-Imārah al-Mazyadīyah,</subfield>
    <subfield code="b">dirāsah fī waḍʻihā al-siyāsī wa-al-iqtiṣādī wa-al-ijtimāʻī, 387-558 H</subfield>
    <subfield code="c">[taʼlīf] ʻAbd al-Jabbār Nājī.</subfield>
  </datafield>
  <datafield ind1=" " ind2=" " tag="260">
    <subfield code="6">880-03</subfield>
    <subfield code="a">[al-Baṣrah]</subfield>
    <subfield code="b">Dār al-Ṭibāʻah al-Ḥadīthah,</subfield>
    <subfield code="c">1970.</subfield>
  </datafield>
  <datafield ind1=" " ind2=" " tag="300">
    <subfield code="a">328 p.</subfield>
    <subfield code="b">geneal. tables, map.</subfield>
    <subfield code="c">23 cm.</subfield>
  </datafield>
  <datafield ind1=" " ind2=" " tag="500">
    <subfield code="a">Cover title: The Mazyadid dynasty; a study on its political, social, and economic situation, 387-558/997-1162 [by] A. J. Naji.</subfield>
  </datafield>
  <datafield ind1=" " ind2=" " tag="502">
    <subfield code="a">Based on the author's thesis (M.A.)--Baghdad, 1965.</subfield>
  </datafield>
  <datafield ind1=" " ind2=" " tag="504">
    <subfield code="a">Bibliography: p. 297-321.</subfield>
  </datafield>
  <datafield ind1=" " ind2=" " tag="500">
    <subfield code="a">In Arabic.</subfield>
  </datafield>
  <datafield ind1=" " ind2="0" tag="650">
    <subfield code="a">Mazyadids.</subfield>
    <subfield code="0">http://id.loc.gov/authorities/subjects/sh85082462</subfield>
  </datafield>
  <datafield ind1="0" ind2=" " tag="740">
    <subfield code="a">Mazyadid dynasty.</subfield>
  </datafield>
  <datafield ind1="1" ind2=" " tag="880">
    <subfield code="6">100-01/r</subfield>
    <subfield code="a">ناجي، عبد الجبار.</subfield>
  </datafield>
  <datafield ind1="1" ind2="2" tag="880">
    <subfield code="6">245-02/r</subfield>
    <subfield code="a">الامارة المزيدية،</subfield>
    <subfield code="b">دراسة في وضعها السياسي والاقتصادي والاجتماعي، 387-558 ه</subfield>
    <subfield code="c">[تأليف] عبد الجبار ناجي.</subfield>
  </datafield>
  <datafield ind1=" " ind2=" " tag="880">
    <subfield code="6">260-03/r</subfield>
    <subfield code="a">[البصرة]</subfield>
    <subfield code="b">دار الطباعة الحديثة،</subfield>
    <subfield code="c">1970.</subfield>
  </datafield>
  <datafield ind1=" " ind2=" " tag="911">
    <subfield code="a">20000130</subfield>
  </datafield>
  <datafield ind1=" " ind2=" " tag="994">
    <subfield code="a">C0</subfield>
    <subfield code="b">PUL</subfield>
  </datafield>
  <datafield ind1=" " ind2=" " tag="999">
    <subfield code="a">2768712</subfield>
  </datafield>
  <datafield ind1="0" ind2="0" tag="852">
    <subfield code="0">3079541</subfield>
    <subfield code="b">nec</subfield>
    <subfield code="t">1</subfield>
    <subfield code="h">DS76.4</subfield>
    <subfield code="i">.N3 1970</subfield>
  </datafield>
  <datafield ind1=" " ind2=" " tag="959">
    <subfield code="a">2009-07-01 09:08:36 -0400</subfield>
  </datafield>
</record>
